@online{pccmainsite,
	url="http://www.pcc.edu/",
	title="Portland Community College (PCC), Portland Oregon (USA)",
	addendum="I worked at PCC from April 2006--June 2014.",
	keywords={institution},
	urldate= {2016-09-19},
}
@online{mhccmainsite,
	url="http://www.mhcc.edu/",
	title="Mount Hood Community College (MHCC), Portland Oregon (USA)",
	addendum="I worked at MHCC from January 2006--August 2006.",
	keywords={institution},
	urldate= {2016-09-19},
}
@online{oumainsite,
	url="www.open.ac.uk",
	title="The Open University (The OU)",
	addendum="I have been a staff tutor at The OU since July 2014.",
	keywords={institution},
	urldate= {2016-09-19},
}
@online{readingmainsite,
	url="http://www.reading.ac.uk/",
	title="The University of Reading",
	addendum="I studied at Reading from 1997--2001 (undergraduate, MMath) and 2001--2005 (post graduate, Ph.D).",
	keywords={institution},
	urldate= {2016-09-19},
}
@techreport{pccaccessibiltystudy,
	url="http://www.pcc.edu/resources/instructional-support/access/Math-Accessibility.html",
	title="Accessible Content Creation in Mathematics",
	author="Hughes and Leavitt",
	date={2013-04-03},
	urldate= {2016-09-19},
}
@online{pccrecommendswebwork,
	url="http://www.pcc.edu/resources/instructional-support/access/math.html",
	title="PCC recommends WeBWorK",
	keywords={link},
	urldate= {2016-09-19},
}
@online{webwork,
	url="http://webwork.maa.org/",
	title="WeBWorK",
	author="Mathematical Association of America",
	keywords={link},
	urldate= {2016-09-19},
}
@online{webworkopl,
	url="https://github.com/openwebwork/webwork-open-problem-library/tree/master/OpenProblemLibrary/PCC",
	title="WeBWorK Open Problem Library PCC contributions",
	author="Jordan and Yao and Hughes",
	year="2013",
	urldate= {2016-09-19},
}
@online{showmeanother,
	url="https://github.com/openwebwork/webwork2/pull/342",
	title="WeBWorK feature: showMeAnother",
	author="Chris Hughes",
	date={2014-05-19},
	urldate= {2016-09-19},
}
@online{qualitymattersrubric,
	url="https://www.qualitymatters.org/",
	title="Quality Matters Rubric",
	keywords={link},
	urldate= {2016-09-19},
}
@online{mst125monitorforum,
	url="https://learn2.open.ac.uk/mod/forumng/view.php?id=683803",
	title="MST125 monitor forum",
	keywords={link},
	urldate= {2016-09-19},
}
@online{effectivetuitiondocument,
	url="https://learn3.open.ac.uk/mod/subpage/view.php?id=91107",
	title="Effective tuition in mathematics and statistics",
	keywords={link},
	urldate= {2016-09-19},}
@article{ruleoffourdemo,
	url="https://www.heacademy.ac.uk/rule-four-statistics",
	title="The Rule of Four in Statistics",
	author="Warren Gilchrist",
	volume="6",
	year="2006",
	journal="MSOR Connections",
}
@online{loughboroughsupportcentre,
	url="http://www.lboro.ac.uk/departments/mlsc/",
	title="Mathematics Learning Support Centre at Loughborough University",
	keywords={link},
	urldate= {2016-09-19},}
@online{coventrysupportcentre,
	url="http://www.coventry.ac.uk/study-at-coventry/student-support/academic-support/sigma-maths-and-stats-support/",
	title="Sigma Maths and Stats Support at Coventry University",
	keywords={link},
	urldate= {2016-09-19},}
@online{pcctutoringcentres,
	url="http://www.pcc.edu/resources/tutoring/",
	title="Portland Community College tutoring centres",
	keywords={link},
	urldate= {2016-09-19},}
@online{esteem,
	url="http://www.open.ac.uk/about/teaching-and-learning/esteem/",
	title="The OU centre for STEM pedagogy",
	keywords={link},
	urldate= {2016-09-19},}
@online{wikkistix,
	title="Wikki Stix",
	url="http://www.wikkistix.com/",
	keywords={link},
	urldate= {2016-09-19},
}
@online{oudisability,
	url="https://www2.open.ac.uk/study/support/disability",
	title="Disability Support for OU Study",
	urldate= {2016-09-19},
}
@online{growthmindset,
	author="Carol Dweck",
	year="2008",
	title="Mindset and Math/Science Achievement",
	url="http://dev.opeq.blenderbox.com/uploads/files/868cea31-5888-4e45-a832-62b4377dbbfb.pdf",
	urldate= {2016-09-19},
}
@online{progressionbytutors,
	title="Progression Contacts by Tutors",
	url="https://learn3.open.ac.uk/mod/subpage/view.php?id=109584",
	addendum="A specific retention project at The Open University",
	urldate= {2016-09-19},
}
@online{sstdigest,
	url="https://learn3.open.ac.uk/mod/subpage/view.php?id=109707",
	title="SST Enhancement Digest",
	addendum="Retention links within.",
	urldate= {2016-09-19},
}
@online{learninganalytics,
	url="http://www.open.ac.uk/iet/main/research-innovation/learning-analytics",
	title="Learning Analytics at The Open University",
	urldate= {2016-09-19},}
@online{totalsubtotalstar,
	url="https://github.com/rbrignall/OU-SUPPS/pull/15",
	title="OU-SUPPS feature: calculate subtotal and total marks automatically for tutor notes.",
	author="Chris Hughes",
	date={2016-08-31},
	urldate= {2016-09-19},}
@online{horizontallines,
	url="https://github.com/rbrignall/OU-SUPPS/pull/17",
	title="OU-SUPPS feature: draw customizable horizontal lines for tutor notes.",
	author="Chris Hughes",
	date={2016-09-06},
	urldate= {2016-09-19},}
@online{vcapologies,
	title="Vice Chancellor - very sorry for recent disruption to students",
	author="OUSA",
	url="http://www.open.ac.uk/ousa/news-and-events/news/general/vice-chancellor-very-sorry-recent-disruption-students",
	date={2016-10-20},
	urldate= {2016-09-21},
	keywords={link},
}
@online{reviseandrefresh,
	url="https://learn1.open.ac.uk/mod/subpage/view.php?id=12054",
	author="Sue Pawley and Tim Lowe",
	title="Revise and refresh for Essential mathematics 1 (MST124)",
	urldate={2016-10-21},
	year=2016,
	keywords={link},
}
@online{bootcamp,
	url="https://learn2.open.ac.uk/mod/subpage/view.php?id=964723",
	author="Hilary Holmes",
	title="Boot camp recordings for MST124",
	urldate={2016-10-21},
	keywords={link},
	year=2016,}
@phdthesis{sallyjordan,
	author={S. Jordan},
	title={E-assessment for learning? Exploring the potential of computer-marked assessment and
			computer-generated feedback, from short-answer questions to assessment analytics.},
	school={The Open University},
	year={2014}}
@techreport{whousesstack,
	author={C.J. Sangwin},
	url="https://dspace.lboro.ac.uk/dspace-jspui/bitstream/2134/18540/1/2015-STACK-Report.pdf",
	urldate={2016-11-1},
	date={2015-05},
	title={Who uses STACK? A survey of users of the STACK CAA system, May 2015}}
@online{webworkaroundtheworld,
	title={WeBWorK Sites (who uses WeBWorK?)},
	author={Mathematical Association of America},
	keywords={link},
	url="http://webwork.maa.org/wiki/WeBWorK_Sites#.WBi3w_Qnlpo",
	urldate={2016-11-01},}