%
% 2013
%
@online{paulo,
	title    = "arara rule, indent.yaml",
	url      = "https://github.com/islandoftex/arara/blob/master/rules/arara-rule-indent.yaml",
	author   = "Paulo Cereda",
	date     = {2013-05-23},
	urldate  = {2021-03-19},
	keywords = {contributor},}
@online{vosskuhle,
	title    = "Remove trailing white space",
	url      = "https://github.com/cmhughes/latexindent.pl/pull/12",
	author   = "Michel Vo{\ss}kuhle",
	date     = {2013-11-10},
	urldate  = {2017-01-23},
	keywords = {contributor},}
@online{harish,
	title    = "Early version testing",
	url      = "https://github.com/harishkumarholla",
	author   = "Harish Kumar",
	date     = {2013-11-10},
	urldate  = {2017-06-30},
	keywords = {contributor},}
%
% 2014
%
@online{jacobo-diaz-hidden-config,
	title    = "Hiddenconfig",
	url      = "https://github.com/cmhughes/latexindent.pl/pull/18",
	author   = "Jacobo Diaz",
	date     = {2014-07-21},
	urldate  = {2017-01-23},
	keywords = {contributor},}
@online{jacobo-diaz-she-bang,
	title    = "Changed shebang to make the script more portable",
	url      = "https://github.com/cmhughes/latexindent.pl/pull/17",
	author   = "Jacobo Diaz",
	date     = {2014-07-23},
	urldate  = {2017-01-23},
	keywords = {contributor},}
%
% 2015
%
@online{jasjuang,
	title    = "add in PATH installation",
	url      = "https://github.com/cmhughes/latexindent.pl/pull/38",
	author   = "Jason Juang",
	date     = {2015-11-24},
	urldate  = {2017-01-23},
	keywords = {contributor},}
%
% 2017
%
@online{jowens,
	title    = "Paragraph line break routine removal",
	url      = "https://github.com/cmhughes/latexindent.pl/issues/33",
	author   = "John Owens",
	date     = {2017-05-27},
	urldate  = {2017-05-27},
	keywords = {contributor},}
@online{mlep,
	title    = "One sentence per line",
	url      = "https://github.com/cmhughes/latexindent.pl/issues/81",
	date     = {2017-08-16},
	author   = "mlep",
	urldate  = {2018-01-08},
	keywords = {contributor},}
%
% 2018
%
@online{zoehneto,
	title    = "Improving text wrap",
	url      = "https://github.com/cmhughes/latexindent.pl/issues/103",
	author   = "Tom Z{\"o}hner (zoehneto)",
	date     = {2018-02-04},
	urldate  = {2018-08-04},
	keywords = {contributor},}
@online{xu-cheng,
	title    = "always output log/help text to STDERR",
	url      = "https://github.com/cmhughes/latexindent.pl/pull/121",
	author   = "Cheng Xu (xu-cheng)",
	date     = {2018-07-13},
	urldate  = {2018-08-05},
	keywords = {contributor},}
%
% 2019
%
@online{sransara,
	title    = "Print usage tip to STDERR only if STDIN is TTY" ,
	url      = "https://github.com/cmhughes/latexindent.pl/pull/174",
	date     = {2019-09-17},
	author   = "Sam Abey",
	urldate  = {2021-03-19},
	keywords = {contributor},}
%
% 2020
%
@online{jun-sheaf,
	title    = "Alpine-linux instructions",
	url      = "https://github.com/cmhughes/latexindent.pl/pull/214",
	date     = {2020-08-10},
	author   = "Randolf J.",
	urldate  = {2020-08-10},
	keywords = {contributor},}
@online{jeanlego,
	title    = "Search localSettings in CWD as well",
	url      = "https://github.com/cmhughes/latexindent.pl/pull/221",
	date     = {2020-09-15},
	author   = "jeanlego",
	urldate  = {2021-03-19},
	keywords = {contributor},}
%
% 2021
%
@online{newptcai,
	title    = "Update appendices.tex",
	url      = "https://github.com/cmhughes/latexindent.pl/pull/221",
	date     = {2021-02-16},
	author   = "newptcai",
	urldate  = {2021-03-19},
	keywords = {contributor},}
@online{alexreg,
	title    = "Update help screen",
	url      = "https://github.com/cmhughes/latexindent.pl/pull/261",
	date     = {2021-03-18},
	author   = "Alexander Regueiro",
	urldate  = {2021-03-19},
	keywords = {contributor},}
@online{qiancy98,
	title    = "Locale encoding of file system",
	url      = "https://github.com/cmhughes/latexindent.pl/pull/273",
	date     = {2021-05-06},
	author   = "qiancy98",
	urldate  = {2021-05-06},
	keywords = {contributor},}
@online{XuehaiPan,
	title    = "Verbatim block upgrade",
	url      = "https://github.com/cmhughes/latexindent.pl/pull/290",
	date     = {2021-10-03},
	author   = "XuehaiPan",
	urldate  = {2021-10-03},
	keywords = {contributor},}
@online{XuehaiPan1,
	title    = "-y switch upgrade",
	url      = "https://github.com/cmhughes/latexindent.pl/pull/297",
	date     = {2021-11-12},
	author   = "XuehaiPan",
	urldate  = {2021-11-12},
	keywords = {contributor},}
%
% 2022
%
@online{tdegeusprecommit,
	title    = "Adding Perl installation + pre-commit hook",
	url      = "https://github.com/cmhughes/latexindent.pl/pull/322",
	date     = {2022-01-21},
	author   = "Tom de Geus",
	urldate  = {2022-01-21},
	keywords = {contributor},}

@online{holzhausprecommit,
	title    = "Fix pre-commit usage",
	url      = "https://github.com/cmhughes/latexindent.pl/pull/354",
	date     = {2022-03-31},
	author   = "Jan Holthuis",
	urldate  = {2022-04-02},
	keywords = {contributor},}

@online{eggplants,
	title    = "Add Dockerfile and its updater/releaser",
	url      = "https://github.com/cmhughes/latexindent.pl/pull/370",
	date     = {2022-06-12},
	author   = "eggplants",
	urldate  = {2022-06-12},
	keywords = {contributor},}

@online{nehctargl,
	title    = " Added support for the XDG specification",
	url      = "https://github.com/cmhughes/latexindent.pl/pull/397",
	date     = {2022-12-23},
	author   = "Nehctargl",
	urldate  = {2022-12-23},
	keywords = {contributor},}
%
% 2023
%
@online{hsloot,
	title    = "fix: find local settings when working file dir is not working dir",
	url      = "https://github.com/cmhughes/latexindent.pl/pull/422",
	date     = {2023-02-15},
	author   = "Henrik Sloot",
	urldate  = {2023-02-15},
	keywords = {contributor},}

@online{valtterikantanen,
	title    = "fix: decode the name of the backup file",
	url      = "https://github.com/cmhughes/latexindent.pl/pull/439",
	date     = {2023-04-07},
	author   = "valtterikantanen",
	urldate  = {2023-04-07},
	keywords = {contributor},}

@online{hslootgithubspaces,
	title    = "feat: add devcontainer configuration",
	url      = "https://github.com/cmhughes/latexindent.pl/pull/443",
	date     = {2023-05-20},
	author   = "Henrik Sloot",
	urldate  = {2023-05-20},
	keywords = {contributor},}

@online{qiaojunfeng,
	title    = "Add w.r.t to betterFullStop",
	url      = "https://github.com/cmhughes/latexindent.pl/pull/447",
	date     = {2023-05-25},
	author   = "Junfeng Qiao",
	urldate  = {2023-05-25},
	keywords = {contributor},}

@online{jessestricker,
	title    = "Create cruft directory if it does not exist",
	url      = "https://github.com/cmhughes/latexindent.pl/pull/453",
	date     = {2023-07-12},
	author   = "Jesse Stricker",
	urldate  = {2023-07-12},
	keywords = {contributor},}

%
% 2024
%
@online{fengzyf,
	title    = "Encoding work",
	url      = "https://github.com/cmhughes/latexindent.pl/pull/548",
	date     = {2024-06-15},
	author   = "fengzyf",
	urldate  = {2024-06-15},
	keywords = {contributor},}
